http://www.dfrws.org/2010/proceedings/2010-301.pdf
@inproceedings{Conti10,
author = "G. Conti and S. Bratus and B. Sangster and R. Ragsdale and M. Supan and A. Lichtenberg and R. Perez-Alemany and A. Shubina",
title = "Automated Mapping of Large Binary Objects Using Primitive Fragment Type Classification",
booktitle = "Proceedings of the Digital Forensics Research Conference (DFRWS) 2010",
year = "2010",
month = "August",
}

http://www.dfrws.org/2009/proceedings/p2-garfinkel.pdf
@inproceedings{Garfinkel09,
author = "S. Garfinkel and P. Farrell and V. Roussev and G. Dinolt",
title = "Bringing Science to Digital Forensics with Standardized Forensic Corpora",
booktitle = "Proceedings of the Digital Forensics Research Conference (DFRWS) 2009",
year = "2009",
month = "August",
}

http://www.dfrws.org/2007/proceedings/p2-garfinkel.pdf
@inproceedings{Garfinkel07,
author = "S. Garfinkel",
title = "Carving Contiguous and Fragmented Files with Object Validation",
booktitle = "Proceedings of the Digital Forensics Research Conference (DFRWS) 2007",
year = "2007",
month = "August",
}

http://www.dfrws.org/2010/proceedings/2010-303.pdf
@inproceedings{Axelsson10,
author = "S. Axelsson",
title = "The Normalized Compression Distance as a File Fragment Classifier",
booktitle = "Proceedings of the Digital Forensics Research Conference (DFRWS) 2010",
year = "2010",
month = "August",
}

http://www.dfrws.org/2008/proceedings/p14-calhoun.pdf
@inproceedings{Calhoun08,
author = "W. Calhoun and D. Coles",
title = "Predicting the Types of File Fragments",
booktitle = "Proceedings of the Digital Forensics Research Conference (DFRWS) 2008",
year = "2008",
month = "August",
}

http://ieeexplore.ieee.org/stamp/stamp.jsp?tp=&arnumber=4299805
@inproceedings{Veenman07,
author = "C. J. Veenman",
title = "Statistical Disk Cluster Classification for File Carving",
booktitle = "Proceedings of the IEEE 3rd International Symposium on Information Assurance and Security",
year = "2007",
pages = "393--398",
organization = "IEEE Computer Society",
}

http://www1.i2r.a-star.edu.sg/~vriz/Publications/WDFIA_SAISMC2010_SVM_High_Entropy_Data_Classification.pdf
@inproceedings{Li10,
author= "Q. Li and A. Ong and P. Suganthan and V. Thing",
title = "A Novel Support Vector Machine Approach to High Entropy Data Fragment Classification",
booktitle = "Proceedings of the South African Information Security Multi-Conference (SAISMC 2010)",
year = "2010",
}

http://www.csie.ntu.edu.tw/~cjlin/libsvm
@article{CC01a,
author = "C.-C. Chang and C.-J. Lin",
title = "{LIBSVM}: A library for support vector machines",
journal = "ACM Transactions on Intelligent Systems and Technology",
volume = "2",
issue = "3",
year = "2011",
pages = "27:1--27:27",
note = "Software available at \url{http://www.csie.ntu.edu.tw/~cjlin/libsvm}"
}

http://www.cs.columbia.edu/~wl318/papers/wormpaper2005.pdf
@techreport {Stolfo05,
author = "S. Stolfo and K. Wang and W.-J. Li",
title = "Fileprint Analysis for Malware Detection",
institution = "Columbia Univesrity",
year = "2005",
month = "June",
}

http://ieeexplore.ieee.org/stamp/stamp.jsp?tp=&arnumber=1495935
@inproceedings{Li05,
author = "W.-J. Li and K. Wang and S. Stolfo and B. Herzog",
title = "Fileprints: Identifying File Types by n-gram Analysis",
booktitle = "Proceedings of the 2005 IEEE Workshop on Information Assurance and Security",
year = "2005",
month = "June",
pages = "64--71",
}

http://digital.library.adelaide.edu.au/dspace/handle/2440/15227
@article{Fisher36,
author = "R. A. Fisher",
title = "The Use of Multiple Measurements in Taxonomic Problems",
journal = "Annals of Eugenics",
volume = "7",
year = "1936",
pages = "179--188",
}

@article{Kolmogorov65,
author = "A. N. Kolmogorov",
title = "Three Approaches to the Quantitative Definition of Information",
journal = "Problems of Information Transmission",
volume = "1",
year = "1965",
month = "September",
pages = "1--11",
}

@article{Lempel76,
author = "A. Lempel and J. Ziv",
title = "On the Complexity of Finite Sequences",
journal = "IEEE Transactions on Information Theory",
volume = "22",
year = "1976",
pages = "75--81",
}

@article{Shannon48,
author = "C. Shannon",
title = "A Mathematical Theory of Communication",
journal = "Bell System Technical Journal",
volume = "27",
number = "3, 4",
year = "1948",
month = "July, October",
pages = "379--423, 623--656",
}

@inproceedings{Seward01,
author = "J. Seward",
title = "Space-Time Tradeoffs in the Inverse B-W Transform",
booktitle = "Proceedings of the Data Compression Conference 2001",
year = "2001",
pages = "439--448",
organization = "IEEE Computer Society",
}



@article{Freund97,
author = "Y. Freund and R. Schapire",
title = "A Decision-Theoretic Generalization of On-Line Learning and an Application to Boosting",
journal = "Journal of Computer and System Sciences",
volume = "55",
number = "1",
year = "1997",
month = "August",
pages = "119--139",
}


