http://www.dfrws.org/2010/proceedings/2010-301.pdf
@conference{Conti10,
author = "G. Conti and S. Bratus and B. Sangster and R. Ragsdale and M. Supan and A. Lichtenberg and R. Perez-Alemany and A. Shubina",
title = "Automated Mapping of Large Binary Objects Using Primitive Fragment Type Classification",
booktitle = "Digital Forensics Research Conference (DFRWS)",
year = "2010",
month = "August",
}

http://www.dfrws.org/2009/proceedings/p2-garfinkel.pdf
@conference{Garfinkel09,
author = "S. Garfinkel and P. Farrell and V. Roussev and G. Dinolt",
title = "Bringing Science to Digital Forensics with Standardized Forensic Corpora",
booktitle = "Digital Forensics Research Conference (DFRWS)",
year = "2009",
month = "August",
}

http://www.dfrws.org/2010/proceedings/2010-303.pdf
@conference{Axelsson10,
author = "S. Axelsson",
title = "The Normalized Compression Distance as a File Fragment Classifier",
booktitle = "Digital Forensics Research Conference (DFRWS)",
year = "2010",
month = "August",
}

http://www.dfrws.org/2008/proceedings/p14-calhoun.pdf
@conference{Calhoun08,
author = "W. Calhoun and D. Coles",
title = "Predicting the Types of File Fragments",
booktitle = "Digital Forensics Research Conference (DFRWS)",
year = "2008",
month = "August",
}

http://www1.i2r.a-star.edu.sg/~vriz/Publications/WDFIA_SAISMC2010_SVM_High_Entropy_Data_Classification.pdf
@inproceedings{Li10,
author= "Q. Li and A. Ong and P. Suganthan and V. Thing",
title = "A Novel Support Vector Machine Approach to High Entropy Data Fragment Classification",
booktitle = "Proceedings of the South African Information Security Multi-Conference (SAISMC 2010)",
year = "2010",
}










